
@book{mcelreath_statistical_2020,
  location = {Boca Raton},
  edition = {2},
  title = {Statistical rethinking: a Bayesian course with examples in R and Stan},
  isbn = {978-0-367-13991-9},
  series = {{CRC} texts in statistical science},
  shorttitle = {Statistical rethinking},
  abstract = {"Statistical Rethinking: A Bayesian Course with Examples in R and Stan, Second Edition builds knowledge/confidence in statistical modeling. Pushes readers to perform step-by-step calculations (usually automated.) Unique, computational approach ensures readers understand details to make reasonable choices and interpretations in their modeling work"--},
  publisher = {Taylor and Francis, {CRC} Press},
  author = {{McElreath}, Richard},
  date = {2020}
}



@book{kurz_statistical_2021,
	title = {Statistical rethinking with brms, ggplot2, and the tidyverse: Second edition},
	url = {https://bookdown.org/content/4857/},
	shorttitle = {Statistical rethinking with brms, ggplot2, and the tidyverse},
	abstract = {This book is an attempt to re-express the code in the second edition of {McElreath}’s textbook, ‘Statistical rethinking.’ His models are re-fit in brms, plots are redone with ggplot2, and the general data wrangling code predominantly follows the tidyverse style.},
	author = {Kurz, A. Solomon},
	urldate = {2021-09-08},
	date = {2021},
	file = {Snapshot:/Users/sebastiansaueruser/Zotero/storage/GP6FMSWF/4857.html:text/html}
}


